% Referencias Bibliograficas - TCC CFD Pipeline
% Formato BibTeX para uso em LaTeX

% ===== FRAMEWORKS E BIBLIOTECAS WEB =====

@misc{babylonjs2025,
  author = {{Babylon.js Team (Microsoft)}},
  title = {Babylon.js — Web-Based 3D Engine},
  year = {2025},
  url = {https://www.babylonjs.com/},
  note = {Acesso em: 2 out. 2025}
}

@misc{django2025,
  author = {{Django Software Foundation}},
  title = {Django overview},
  year = {2025},
  url = {https://www.djangoproject.com/start/overview/},
  note = {Acesso em: 2 out. 2025}
}

@misc{fastapi2025,
  title = {FastAPI Documentation},
  year = {2025},
  url = {https://fastapi.tiangolo.com/},
  note = {Acesso em: 2 out. 2025}
}

@misc{flask2025,
  author = {{Pallets Projects}},
  title = {Flask Documentation (3.1.x)},
  year = {2025},
  url = {https://flask.palletsprojects.com/},
  note = {Acesso em: 2 out. 2025}
}

@misc{nodejs2025,
  author = {{OpenJS Foundation}},
  title = {Node.js Documentation},
  year = {2025},
  url = {https://nodejs.org/},
  note = {Acesso em: 2 out. 2025}
}

@misc{threejs2025,
  author = {{Three.js Foundation}},
  title = {Three.js Documentation},
  year = {2025},
  url = {https://threejs.org/},
  note = {Acesso em: 2 out. 2025}
}

@misc{plotly2025,
  title = {Plotly Python Graphing Library},
  year = {2025},
  url = {https://plotly.com/python/},
  note = {Acesso em: 2 out. 2025}
}

% ===== BLENDER =====

@misc{blender_api2025,
  author = {{Blender Foundation}},
  title = {Blender Python API},
  year = {2025},
  url = {https://docs.blender.org/api/current/},
  note = {Acesso em: 2 out. 2025}
}

@misc{blender_console2025,
  author = {{Blender Foundation}},
  title = {Python Console — Blender Manual},
  year = {2025},
  url = {https://docs.blender.org/manual/pt/3.5/editors/python_console.html},
  note = {Acesso em: 2 out. 2025}
}

@misc{blendernation2017,
  author = {{BlenderNation}},
  title = {Using Blender for solving real engineering problems},
  year = {2017},
  url = {https://www.blendernation.com/2017/10/17/using-blender-solving-real-engineering-problems/},
  note = {Acesso em: 2 out. 2025}
}

@book{brito2018,
  author = {Brito, Allan},
  title = {Blender Quick Start Guide: 3D Modeling, Animation, and Rendering with Blender 2.8},
  publisher = {Packt},
  address = {Birmingham},
  year = {2018}
}

@book{conlan2017,
  author = {Conlan, Chris},
  title = {The Blender Python API: Add-on Development},
  publisher = {Apress},
  address = {Berkeley},
  year = {2017}
}

@misc{njanakiev_blender,
  author = {Njanakiev, Nikola},
  title = {blender-scripting: Introduction to Blender scripting},
  year = {2025},
  url = {https://github.com/njanakiev/blender-scripting},
  note = {Acesso em: 2 out. 2025}
}

% ===== OPENFOAM E CFD =====

@misc{openfoam_docs2025,
  author = {{OpenFOAM Foundation}},
  title = {OpenFOAM documentation: User Guide; snappyHexMesh; simpleFoam},
  year = {2025},
  url = {https://www.openfoam.com/documentation/},
  note = {Acesso em: 2 out. 2025}
}

@misc{openfoam_wiki2025,
  author = {{OpenFOAM Foundation}},
  title = {OpenFOAM Development Wiki},
  year = {2025},
  url = {https://develop.openfoam.com/Development/openfoam/-/wikis/home},
  note = {Acesso em: 2 out. 2025}
}

@book{ferziger2002,
  author = {Ferziger, Joel H. and Perić, Milovan},
  title = {Computational Methods for Fluid Dynamics},
  edition = {3},
  publisher = {Springer},
  address = {Berlin},
  year = {2002}
}

@book{pope2000,
  author = {Pope, Stephen B.},
  title = {Turbulent Flows},
  publisher = {Cambridge University Press},
  address = {Cambridge},
  year = {2000}
}

@book{schlichting2000,
  author = {Schlichting, Hermann and Gersten, Klaus},
  title = {Boundary-Layer Theory},
  edition = {8},
  publisher = {Springer},
  address = {Berlin},
  year = {2000}
}

@book{roache1998,
  author = {Roache, Patrick J.},
  title = {Verification and Validation in Computational Science and Engineering},
  publisher = {Hermosa Publishers},
  address = {Albuquerque},
  year = {1998}
}

@misc{openlb2025,
  author = {{OpenLB Development Team}},
  title = {OpenLB – Release repository: Doxygen configuration},
  year = {2025},
  url = {https://gitlab.com/openlb/release/-/blob/master/doc/DoxygenConfig},
  note = {Acesso em: 2 out. 2025}
}

% ===== VISUALIZAÇÃO CIENTÍFICA =====

@misc{paraview2025,
  author = {{Kitware}},
  title = {ParaView Documentation},
  year = {2025},
  url = {https://www.paraview.org/documentation/},
  note = {Acesso em: 2 out. 2025}
}

@misc{vtkjs2025,
  author = {{Kitware}},
  title = {vtk.js Documentation},
  year = {2025},
  url = {https://kitware.github.io/vtk-js/},
  note = {Acesso em: 2 out. 2025}
}

@misc{esss_dpm2025,
  author = {{ESSS}},
  title = {Quarta técnica — Leitura de informações de partículas do ANSYS Fluent para CFD-Post (DPM)},
  year = {2025},
  url = {https://www.esss.com/blog/quarta-tecnica-leitura-de-informacoes-de-particulas-do-fluent-para-cfd-post-dpm/},
  note = {Acesso em: 2 out. 2025}
}

% ===== LEITOS EMPACOTADOS =====

@article{ergun1952,
  author = {Ergun, Sabri},
  title = {Fluid flow through packed columns},
  journal = {Chemical Engineering Progress},
  volume = {48},
  number = {2},
  pages = {89--94},
  year = {1952}
}

@misc{cutec2025,
  author = {{CUTEC — Clausthal University of Technology}},
  title = {Relatório técnico sobre packed beds (versão aic.17284)},
  year = {2025},
  url = {https://www.cutec.de/fileadmin/Sites/CUTEC/Documents/Chemische-Energiesysteme/Ver%C3%B6ffentlichungen/aic.17284_Finalpaper__002_.pdf},
  note = {Acesso em: 2 out. 2025}
}

@misc{mdpi_packedbed2025,
  author = {{Processes (MDPI)}},
  title = {Synthetic Packed-Bed Generation for CFD Simulations: Blender vs. STAR-CCM+},
  year = {2025},
  url = {https://www.mdpi.com/2305-7084/3/2/52},
  note = {Acesso em: 2 out. 2025}
}

@misc{researchgate_blender2025,
  author = {{ResearchGate}},
  title = {Blender simulation of bed filling with particle array of 250 particles (Figura)},
  year = {2025},
  url = {https://www.researchgate.net/figure/a-Blender-simulation-of-bed-filling-with-particle-array-of-250-particles-and-b_fig2_366443894},
  note = {Acesso em: 2 out. 2025}
}

@misc{reddit_packedbed2025,
  author = {{Reddit — r/AskEngineers}},
  title = {How to make a packed bed column for simulations?},
  year = {2025},
  url = {https://www.reddit.com/r/AskEngineers/comments/1qg74ud/how_to_make_a_packed_bed_column_for_simulations/},
  note = {Acesso em: 2 out. 2025}
}

% ===== DSL =====

@book{fowler2010,
  author = {Fowler, Martin},
  title = {Domain-Specific Languages},
  publisher = {Addison-Wesley},
  address = {Boston},
  year = {2010}
}

@misc{lark2025,
  author = {{Lark Project}},
  title = {Lark: Modern Parsing Library for Python},
  year = {2025},
  url = {https://github.com/lark-parser/lark},
  note = {Acesso em: 2 out. 2025}
}

% ===== INFRAESTRUTURA =====

@misc{docker2025,
  author = {{Docker, Inc.}},
  title = {Docker Documentation},
  year = {2025},
  url = {https://docs.docker.com/},
  note = {Acesso em: 2 out. 2025}
}

@misc{dockercompose2025,
  author = {{Docker, Inc.}},
  title = {Docker Compose – Documentation},
  year = {2025},
  url = {https://docs.docker.com/compose/},
  note = {Acesso em: 2 out. 2025}
}

@misc{minio2025,
  author = {{MinIO, Inc.}},
  title = {MinIO Documentation},
  year = {2025},
  url = {https://min.io/docs/},
  note = {Acesso em: 2 out. 2025}
}

@misc{redis2025,
  author = {{Redis Ltd.}},
  title = {Redis Documentation},
  year = {2025},
  url = {https://redis.io/docs/},
  note = {Acesso em: 2 out. 2025}
}

@misc{postgresql2025,
  author = {{PostgreSQL Global Development Group}},
  title = {PostgreSQL 16 Documentation},
  year = {2025},
  url = {https://www.postgresql.org/docs/},
  note = {Acesso em: 2 out. 2025}
}

@misc{sqlalchemy2025,
  title = {SQLAlchemy 2.x Documentation},
  year = {2025},
  url = {https://docs.sqlalchemy.org/},
  note = {Acesso em: 2 out. 2025}
}

@misc{nginx2025,
  author = {{NGINX, Inc.}},
  title = {NGINX Documentation},
  year = {2025},
  url = {https://nginx.org/en/docs/},
  note = {Acesso em: 2 out. 2025}
}

@misc{traefik2025,
  author = {{Traefik Labs}},
  title = {Traefik Proxy Documentation},
  year = {2025},
  url = {https://doc.traefik.io/traefik/},
  note = {Acesso em: 2 out. 2025}
}

% ===== APIS E PADRÕES =====

@misc{openapi2025,
  author = {{OpenAPI Initiative}},
  title = {OpenAPI Specification (OAS)},
  year = {2025},
  url = {https://spec.openapis.org/oas/latest.html},
  note = {Acesso em: 2 out. 2025}
}

@techreport{jwt2015,
  author = {Jones, M. and Bradley, J. and Sakimura, N.},
  title = {JSON Web Token (JWT)},
  type = {RFC},
  number = {7519},
  institution = {IETF},
  year = {2015},
  url = {https://www.rfc-editor.org/rfc/rfc7519},
  note = {Acesso em: 2 out. 2025}
}

% ===== PYTHON =====

@book{lutz2013,
  author = {Lutz, Mark},
  title = {Learning Python},
  edition = {5},
  publisher = {O'Reilly Media},
  address = {Sebastopol},
  year = {2013}
}

@book{matthes2019,
  author = {Matthes, Eric},
  title = {Python Crash Course: A Hands-On, Project-Based Introduction to Programming},
  edition = {2},
  publisher = {No Starch Press},
  address = {San Francisco},
  year = {2019}
}

% ===== METODOLOGIA =====

@book{sutherland2014,
  author = {Sutherland, Jeff and Sutherland, J. J.},
  title = {Scrum: a arte de fazer o dobro do trabalho na metade do tempo},
  publisher = {Leya},
  address = {Rio de Janeiro},
  year = {2014}
}

% ===== TENDÊNCIAS E TECNOLOGIA =====

@misc{medium_techstacks2025,
  author = {{Medium}},
  title = {Essential Tech Stacks You Should Know to Stay Ahead in 2025},
  year = {2025},
  url = {https://medium.com/hack-the-stack/essential-tech-stacks-you-should-know-to-stay-ahead-in-2025-41eb53ffd596},
  note = {Acesso em: 2 out. 2025}
}

@misc{coupler_dashboards2025,
  author = {{Coupler.io}},
  title = {Top 19 exemplos e templates de dashboards financeiros},
  year = {2025},
  url = {https://blog.coupler.io/pt/dashboards-financeiros/},
  note = {Acesso em: 2 out. 2025}
}

