% ============================================================
% REFERÊNCIAS BIBLIOGRÁFICAS - BIBTEX
% ============================================================

% Artigos clássicos sobre leitos empacotados
@article{ergun1952,
    author = {Ergun, Sabri},
    title = {Fluid flow through packed columns},
    journal = {Chemical Engineering Progress},
    year = {1952},
    volume = {48},
    number = {2},
    pages = {89--94}
}

@book{dullien1992,
    author = {Dullien, F. A. L.},
    title = {Porous Media: Fluid Transport and Pore Structure},
    publisher = {Academic Press},
    year = {1992},
    edition = {2}
}

@article{dixon2006,
    author = {Dixon, A. G. and Nijemeisland, M.},
    title = {CFD as a design tool for fixed-bed reactors},
    journal = {Industrial \& Engineering Chemistry Research},
    year = {2006},
    volume = {40},
    pages = {5246--5254}
}

% CFD e OpenFOAM
@book{versteeg2007,
    author = {Versteeg, H. K. and Malalasekera, W.},
    title = {An Introduction to Computational Fluid Dynamics: The Finite Volume Method},
    publisher = {Pearson Education},
    year = {2007},
    edition = {2}
}

@article{roache1994,
    author = {Roache, P. J.},
    title = {Perspective: A Method for Uniform Reporting of Grid Refinement Studies},
    journal = {Journal of Fluids Engineering},
    year = {1994},
    volume = {116},
    pages = {405--413}
}

@manual{openfoam2023,
    title = {OpenFOAM User Guide},
    organization = {OpenFOAM Foundation},
    year = {2023},
    url = {https://www.openfoam.org}
}

% Domain Specific Languages
@book{fowler2010,
    author = {Fowler, Martin},
    title = {Domain-Specific Languages},
    publisher = {Addison-Wesley Professional},
    year = {2010}
}

@book{parr2013,
    author = {Parr, Terence},
    title = {The Definitive ANTLR 4 Reference},
    publisher = {Pragmatic Bookshelf},
    year = {2013}
}

% Arquitetura de Software
@phdthesis{fielding2000,
    author = {Fielding, Roy Thomas},
    title = {Architectural Styles and the Design of Network-based Software Architectures},
    school = {University of California, Irvine},
    year = {2000}
}

@book{newman2015,
    author = {Newman, Sam},
    title = {Building Microservices: Designing Fine-Grained Systems},
    publisher = {O'Reilly Media},
    year = {2015}
}

@inproceedings{merkel2014,
    author = {Merkel, Dirk},
    title = {Docker: Lightweight Linux Containers for Consistent Development and Deployment},
    booktitle = {Linux Journal},
    year = {2014},
    volume = {2014},
    number = {239}
}

% Banco de Dados
@inproceedings{stonebraker1986,
    author = {Stonebraker, Michael and Rowe, Lawrence A.},
    title = {The Design of POSTGRES},
    booktitle = {Proceedings of the 1986 ACM SIGMOD International Conference on Management of Data},
    year = {1986},
    pages = {340--355}
}

% Frameworks e Tecnologias Web
@misc{fastapi2021,
    author = {Ramírez, Sebastián},
    title = {FastAPI},
    year = {2021},
    url = {https://fastapi.tiangolo.com}
}

@misc{react2021,
    author = {{Meta Platforms}},
    title = {React: A JavaScript library for building user interfaces},
    year = {2021},
    url = {https://reactjs.org}
}

@misc{blender2021,
    author = {{Blender Foundation}},
    title = {Blender 3D},
    year = {2021},
    url = {https://www.blender.org}
}

@misc{threejs2021,
    author = {Cabello, Ricardo},
    title = {Three.js: JavaScript 3D Library},
    year = {2021},
    url = {https://threejs.org}
}

% Filas e Processamento
@misc{redis2021,
    author = {{Redis Labs}},
    title = {Redis},
    year = {2021},
    url = {https://redis.io}
}

@misc{celery2021,
    author = {Ask Solem and contributors},
    title = {Celery: Distributed Task Queue},
    year = {2021},
    url = {https://docs.celeryq.dev}
}

% Storage
@misc{minio2021,
    author = {{MinIO Inc.}},
    title = {MinIO: High Performance Object Storage},
    year = {2021},
    url = {https://min.io}
}

% Adicione suas próprias referências aqui seguindo o mesmo formato

